@article{ryan_model_2016,
	title = {A model for collective dynamics in ant raids},
	volume = {72},
	issn = {0303-6812, 1432-1416},
	url = {http://link.springer.com/10.1007/s00285-015-0929-5},
	doi = {10.1007/s00285-015-0929-5},
	language = {en},
	number = {6},
	urldate = {2016-06-20},
	journal = {Journal of Mathematical Biology},
	author = {Ryan, Shawn D.},
	month = may,
	year = {2016},
	pages = {1579--1606},
	file = {Ryan 2016 JMB Model for Collective Dynamics in Ant Raids.pdf:/Users/Matthew/Library/Application Support/Zotero/Profiles/swyw6dgg.default/zotero/storage/7ZIQ53J2/Ryan 2016 JMB Model for Collective Dynamics in Ant Raids.pdf:application/pdf}
}

@article{khuong_how_2013,
	title = {How {Do} {Ants} {Make} {Sense} of {Gravity}? {A} {Boltzmann} {Walker} {Analysis} of {Lasius} niger {Trajectories} on {Various} {Inclines}},
	volume = {8},
	issn = {1932-6203},
	shorttitle = {How {Do} {Ants} {Make} {Sense} of {Gravity}?},
	url = {http://dx.plos.org/10.1371/journal.pone.0076531},
	doi = {10.1371/journal.pone.0076531},
	language = {en},
	number = {10},
	urldate = {2016-06-20},
	journal = {PLoS ONE},
	author = {Khuong, AnaÃ¯s and Lecheval, Valentin and Fournier, Richard and Blanco, StÃ©phane and Weitz, SÃ©bastian and Bezian, Jean-Jacques and Gautrais, Jacques},
	editor = {Pratt, Stephen C.},
	month = oct,
	year = {2013},
	pages = {e76531},
	file = {Khuong et al How do ants make sense of gravity.pdf:/Users/Matthew/Library/Application Support/Zotero/Profiles/swyw6dgg.default/zotero/storage/FZKSCSP3/Khuong et al How do ants make sense of gravity.pdf:application/pdf}
}

@article{perna_individual_2012,
	title = {Individual {Rules} for {Trail} {Pattern} {Formation} in {Argentine} {Ants} ({Linepithema} humile)},
	volume = {8},
	issn = {1553-7358},
	url = {http://dx.plos.org/10.1371/journal.pcbi.1002592},
	doi = {10.1371/journal.pcbi.1002592},
	language = {en},
	number = {7},
	urldate = {2016-06-20},
	journal = {PLoS Computational Biology},
	author = {Perna, Andrea and Granovskiy, Boris and Garnier, Simon and Nicolis, Stamatios C. and Labédan, Marjorie and Theraulaz, Guy and Fourcassié, Vincent and Sumpter, David J. T.},
	editor = {Ermentrout, Bard},
	month = jul,
	year = {2012},
	pages = {e1002592},
	file = {Perna et al Individual rules for pattern formation in Argentine ants.pdf:/Users/Matthew/Library/Application Support/Zotero/Profiles/swyw6dgg.default/zotero/storage/J5JE6H2C/Perna et al Individual rules for pattern formation in Argentine ants.pdf:application/pdf}
}

@article{holt_locomotion_2012,
	title = {Locomotion on a slope in leaf-cutter ants: metabolic energy use, behavioural adaptations and the implications for route selection on hilly terrain},
	volume = {215},
	issn = {0022-0949, 1477-9145},
	shorttitle = {Locomotion on a slope in leaf-cutter ants},
	url = {http://jeb.biologists.org/cgi/doi/10.1242/jeb.057695},
	doi = {10.1242/jeb.057695},
	language = {en},
	number = {15},
	urldate = {2016-07-05},
	journal = {Journal of Experimental Biology},
	author = {Holt, N. C. and Askew, G. N.},
	month = aug,
	year = {2012},
	pages = {2545--2550},
	file = {Holt - 2012 - Locomotion on a slope in leaf-cutter ants metabolic energy use behavioural adaptations and the implications for route selection on hilly terrain. - J. Exp. Biol.pdf:/Users/Matthew/Library/Application Support/Zotero/Profiles/swyw6dgg.default/zotero/storage/SV38NMPE/Holt - 2012 - Locomotion on a slope in leaf-cutter ants metabolic energy use behavioural adaptations and the implications for route selection on h.pdf:application/pdf}
}

@book{camazine_self-organization_2003,
	address = {Princeton, N.J Woodstock},
	series = {Princeton studies in complexity},
	title = {Self-organization in biological systems},
	isbn = {978-0-691-11624-2},
	language = {eng},
	publisher = {Princeton University Press},
	author = {Camazine, Scott},
	year = {2003},
	keywords = {Biological systems, Self-organizing systems},
	file = {Table of Contents PDF:/Users/Matthew/Library/Application Support/Zotero/Profiles/swyw6dgg.default/zotero/storage/XTK5HWHZ/Camazine - 2003 - Self-organization in biological systems.pdf:application/pdf}
}